<?xml version="1.0" encoding="UTF-8"?><collection xmlns="http://www.loc.gov/MARC21/slim"><record><leader>00428nam--2200169-i-4500</leader><controlfield tag="001">000001387</controlfield><controlfield tag="002">20161230</controlfield><controlfield tag="005">20170107161725</controlfield><controlfield tag="008">060222s1000------------r-----000-0-eng-d</controlfield><datafield ind1=" " ind2=" " tag="040"><subfield code="a">IFIN-HH</subfield></datafield><datafield ind1=" " ind2=" " tag="080"><subfield code="a">53.08</subfield></datafield><datafield ind1="1" ind2=" " tag="100"><subfield code="a">Pungor, Ern¿</subfield></datafield><datafield ind1="1" ind2="0" tag="245"><subfield code="a">Oszcillometria ©♭s konduktometria</subfield><subfield code="c">Pungor Ern¿</subfield></datafield><datafield ind1=" " ind2=" " tag="260"><subfield code="a">Budapest</subfield><subfield code="b">Akad©♭miai Kiad©đ</subfield><subfield code="c">1963</subfield></datafield><datafield ind1=" " ind2=" " tag="300"><subfield code="a">175 p</subfield></datafield><datafield ind1=" " ind2=" " tag="852"><subfield code="a">76810</subfield><subfield code="c">53.08</subfield></datafield><datafield ind1=" " ind2=" " tag="CAT"><subfield code="a">SYS</subfield><subfield code="c">20170107</subfield><subfield code="h">161725</subfield></datafield></record></collection>